<marcxml:record xmlns:marcxml="http://www.loc.gov/MARC21/slim" xmlns:idx="info:lc/xq-modules/lcindex" xmlns:madsrdf="http://www.loc.gov/mads/rdf/v1#" xmlns:ri="http://id.loc.gov/ontologies/RecordInfo#" xmlns:xlink="http://www.w3.org/1999/xlink" xmlns:rdf="http://www.w3.org/1999/02/22-rdf-syntax-ns#" xmlns:mets="http://www.loc.gov/METS/" xmlns:semtriples="http://marklogic.com/semantic" xmlns:xsi="http://www.w3.org/2001/XMLSchema-instance" xmlns:streams="info:lc/streams#">
            <marcxml:leader>00782cz  a2200217n  4500</marcxml:leader>
            <marcxml:controlfield tag="001">n96096549</marcxml:controlfield>
            <marcxml:controlfield tag="003">DLC</marcxml:controlfield>
            <marcxml:controlfield tag="005">20171201073529.0</marcxml:controlfield>
            <marcxml:controlfield tag="008">961003n| azannaabn          |a ana      </marcxml:controlfield>
            <marcxml:datafield tag="010" ind1=" " ind2=" ">
              <marcxml:subfield code="a">n  96096549 </marcxml:subfield>
              <marcxml:subfield code="z">sh 85142415 </marcxml:subfield>
            </marcxml:datafield>
            <marcxml:datafield tag="035" ind1=" " ind2=" ">
              <marcxml:subfield code="a">(OCoLC)oca04175757</marcxml:subfield>
            </marcxml:datafield>
            <marcxml:datafield tag="040" ind1=" " ind2=" ">
              <marcxml:subfield code="a">DLC</marcxml:subfield>
              <marcxml:subfield code="b">eng</marcxml:subfield>
              <marcxml:subfield code="e">rda</marcxml:subfield>
              <marcxml:subfield code="c">DLC</marcxml:subfield>
              <marcxml:subfield code="d">DLC</marcxml:subfield>
              <marcxml:subfield code="d">NNU</marcxml:subfield>
              <marcxml:subfield code="d">CMalG</marcxml:subfield>
            </marcxml:datafield>
            <marcxml:datafield tag="110" ind1="2" ind2=" ">
              <marcxml:subfield code="a">Cappella Sistina (Vatican Palace, Vatican City)</marcxml:subfield>
            </marcxml:datafield>
            <marcxml:datafield tag="368" ind1=" " ind2=" ">
              <marcxml:subfield code="a">Chapels</marcxml:subfield>
              <marcxml:subfield code="2">lcsh</marcxml:subfield>
            </marcxml:datafield>
            <marcxml:datafield tag="370" ind1=" " ind2=" ">
              <marcxml:subfield code="e">Vatican City</marcxml:subfield>
              <marcxml:subfield code="2">naf</marcxml:subfield>
            </marcxml:datafield>
            <marcxml:datafield tag="410" ind1="2" ind2=" ">
              <marcxml:subfield code="a">Cappella pontificia (Vatican Palace, Vatican City)</marcxml:subfield>
            </marcxml:datafield>
            <marcxml:datafield tag="410" ind1="2" ind2=" ">
              <marcxml:subfield code="a">Sistine Chapel (Vatican Palace, Vatican City)</marcxml:subfield>
            </marcxml:datafield>
            <marcxml:datafield tag="410" ind1="2" ind2=" ">
              <marcxml:subfield code="a">Papal Chapel (Vatican Palace, Vatican City)</marcxml:subfield>
            </marcxml:datafield>
            <marcxml:datafield tag="410" ind1="2" ind2=" ">
              <marcxml:subfield code="a">Sixtinische Kapelle (Vatican Palace, Vatican City)</marcxml:subfield>
            </marcxml:datafield>
            <marcxml:datafield tag="670" ind1=" " ind2=" ">
              <marcxml:subfield code="a">Michelangelos Fresken in der Sixtinischen Kapelle, c2002:</marcxml:subfield>
              <marcxml:subfield code="b">t.p. (Sixtinischen Kapelle)</marcxml:subfield>
            </marcxml:datafield>
          </marcxml:record>
